@misc{nlab:additive_functor,
 author = {{nLab authors}},
 title = {additive functor},
 url = {https://ncatlab.org/nlab/show/additive+functor},
 note = {\href{https://ncatlab.org/nlab/revision/additive+functor/18}{Revision 18}},
 month = jul,
 year = 2023
}

@misc{nlab:additive_category,
 author = {{nLab authors}},
 title = {additive category},
 url = {https://ncatlab.org/nlab/show/additive+category},
 note = {\href{https://ncatlab.org/nlab/revision/additive+category/41}{Revision 41}},
 month = jul,
 year = 2023
}

@misc{Schwede_2012,
 url={http://www.math.uni-bonn.de/~schwede/SymSpec-v3.pdf},
 author={Sdhwede, Stefan},
 year = 2012,
 month = apr
}

@misc{Malkiewich_2014, url={
 https://people.math.binghamton.edu/malkiewich/stable.pdf}, 
 title={The stable homotopy category}, 
 author={Malkiewich, Cary}, 
 year= 2014, 
 month= oct} 

@book{MacLane1978,
	author="Mac Lane, Saunders",
	title="Categories for the Working Mathematician",
	year="1978",
	publisher="Springer New York",
	address="New York, NY",
	url="https://doi.org/10.1007/978-1-4757-4721-8"
}


@book{Adams_1974, 
 place={Chicago, IL}, 
 title={Stable Homotopy and Generalized Homology}, 
 publisher={The University of Chicago Press}, 
 author={Adams, John Frank},
 year= 1974,
 url={https://people.math.rochester.edu/faculty/doug/otherpapers/Adams-SHGH-latex.pdf}
} 

@misc{nlab:introduction_to_stable_homotopy_theory,
 author = {{nLab authors}},
 title = {{{I}}ntroduction to {{S}}table {{H}}omotopy {{T}}heory},
 url = {https://ncatlab.org/nlab/show/Introduction+to+Stable+Homotopy+Theory},
 note = {\href{https://ncatlab.org/nlab/revision/Introduction+to+Stable+Homotopy+Theory/213}{Revision 213}},
 month = jul,
 year = 2023
}

@book{Weibel_1994, 
 place={Cambridge England}, 
 title={An Introduction to Homological Algebra},
 publisher={Cambridge University Press}, 
 author={Weibel, Charles A.}, 
 year={1994}
} 

@misc{nlab:introduction_to_the_adams_spectral_sequence,
 author = {{nLab authors}},
 title = {{{I}}ntroduction to the {{A}}dams {{S}}pectral {{S}}equence},
 howpublished = {\url{https://ncatlab.org/nlab/show/Introduction+to+the+Adams+Spectral+Sequence}},
 note = {\href{https://ncatlab.org/nlab/revision/Introduction+to+the+Adams+Spectral+Sequence/62}{Revision 62}},
 month = jul,
 year = 2023
}

@misc{hlavinka_motivic,
 author = {Joseph Hlavinka},
 title = {Motivic homotopy theory and cellular schemes},
 url = {http://math.uchicago.edu/~may/REU2021/REUPapers/Hlavinka.pdf},
 year = 2021
}

@article{WilOst,
 author = {Glen Matthew Wilson and Paul {\O}stv{\ae}r},
 title = {{Two-complete stable motivic stems over finite fields}},
 volume = {17},
 journal = {Algebraic \& Geometric Topology},
 number = {2},
 publisher = {MSP},
 pages = {1059 -- 1104},
 keywords = {computer-assisted motivic Ext group calculations, motivic Adams spectral sequence, stable motivic stems over finite fields},
 year = {2017},
 doi = {10.2140/agt.2017.17.1059},
 URL = {https://doi.org/10.2140/agt.2017.17.1059}
}

@article{DugIsak,
author = {Daniel Dugger and Daniel C Isaksen},
title = {{The motivic Adams spectral sequence}},
volume = {14},
journal = {Geometry \& Topology},
number = {2},
publisher = {MSP},
pages = {967 -- 1014},
keywords = {Adams spectral sequence, May spectral sequence, motivic homotopy theory},
year = {2010},
doi = {10.2140/gt.2010.14.967},
URL = {https://doi.org/10.2140/gt.2010.14.967}
}

@misc{nlab:introduction_to_stable_homotopy_theory_--_1-2,
 author = {{nLab authors}},
 title = {{{I}}ntroduction to {{S}}table homotopy theory -- 1-2},
 howpublished = {\url{https://ncatlab.org/nlab/show/Introduction+to+Stable+homotopy+theory+--+1-2}},
 note = {\href{https://ncatlab.org/nlab/revision/Introduction+to+Stable+homotopy+theory+--+1-2/77}{Revision 77}},
 month = jul,
 year = 2023
}

@misc{DDIO,
 title={The Multiplicative Structures on Motivic Homotopy Groups}, 
 author={Daniel Dugger and Bjørn Ian Dundas and Daniel C. Isaksen and Paul Arne Østvær},
 year={2022},
 eprint={2212.03938},
 archivePrefix={arXiv},
 primaryClass={math.AG}
}

@misc{spitz,
 title={A commutative P^1-spectrum representing motivic cohomology over Dedekind domains}, 
 author={Markus Spitzweck},
 year={2013},
 eprint={1207.4078},
 archivePrefix={arXiv},
 primaryClass={math.AG}
}

@article{DugIsakCellular,
	doi = {10.2140/agt.2005.5.615},
	url = {https://doi.org/10.2140%2Fagt.2005.5.615},
	year = 2005,
	month = jun,
	publisher = {Mathematical Sciences Publishers},
	volume = {5},
	number = {2},
	pages = {615--652},
	author = {Daniel Dugger and Daniel C Isaksen},
	title = {Motivic cell structures},
	journal = {Algebraic {\&} Geometric Topology}
}

@article{DRO,
 title={Motivic functors}, 
 volume={8}, 
 DOI={10.4171/dm/148}, 
 journal={Documenta Mathematica}, 
 author={Dundas, Bjørn Ian and Röndigs, Oliver and Østvær, Paul Arne}, 
 year={2003}, 
 pages={489-525}
} 

@article{Hov,
title = {Spectra and symmetric spectra in general model categories},
journal = {Journal of Pure and Applied Algebra},
volume = {165},
number = {1},
pages = {63-127},
year = {2001},
issn = {0022-4049},
doi = {https://doi.org/10.1016/S0022-4049(00)00172-9},
url = {https://www.sciencedirect.com/science/article/pii/S0022404900001729},
author = {Mark Hovey},
abstract = {We give two general constructions for the passage from unstable to stable homotopy that apply to the known example of topological spaces, but also to new situations, such as the A1-homotopy theory of Morel and Voevodsky (preprint, 1998) and Voevodsky (Proceedings of the International Congress of Mathematicians, Vol. I, Berlin, Doc. Math. Extra Vol. I, 1998, pp. 579–604 (electronic)). One is based on the standard notion of spectra originated by Vogt (Boardman's Stable Homotopy Category, Lecture Notes Series, Vol. 21, Matematisk Institut Aarhus Universitet, Aarhus, 1970). Its input is a well-behaved model category D and an endofunctor T, generalizing the suspension. Its output is a model category SpN(D,T) on which T is a Quillen equivalence. The second construction is based on symmetric spectra (Hovey et al., J. Amer. Math. Soc. 13(1) (2000) 149–208) and applies to model categories C with a compatible monoidal structure. In this case, the functor T must be given by tensoring with a cofibrant object K. The output is again a model category SpΣ(C,K) where tensoring with K is a Quillen equivalence, but now SpΣ(C,K) is again a monoidal model category. We study general properties of these stabilizations; most importantly, we give a sufficient condition for these two stabilizations to be equivalent that applies both in the known case of topological spaces and in the case of A1-homotopy theory.}
}

@article{Jardine2000,
author = {Jardine, J.F.},
journal = {Documenta Mathematica},
keywords = {motivic stable category; motivic symmetric spectra; motivic homotopy theory; level structures; compact objects; stable closed model structures; change of suspension; bounded cofibrations; cofibre sequence; fibre sequence},
language = {eng},
pages = {445-553},
publisher = {Universiät Bielefeld, Fakultät für Mathematik},
title = {Motivic symmetric spectra.},
url = {http://eudml.org/doc/121235},
volume = {5},
year = {2000},
}

@book{Hovey_1999,
place={Middletown, Connecticut},
title={Model Categories},
publisher={American Mathematical Society},
author={Hovey, Mark},
year={1999}} 

@MISC{251044,
 TITLE = {Smallness of the category of schemes of finite type},
 AUTHOR = {HeinrichD (https://mathoverflow.net/users/98306/heinrichd)},
 HOWPUBLISHED = {MathOverflow},
 NOTE = {URL:https://mathoverflow.net/q/251044 (version: 2016-09-30)},
 EPRINT = {https://mathoverflow.net/q/251044},
 URL = {https://mathoverflow.net/q/251044}
}

@book{Riehl, 
 place={Mineola, NY}, 
 title={Category Theory in Context}, 
 publisher={Dover Publications, Inc}, 
 author={Riehl, Emily}, 
 year={2016}
} 

@article{Blander, 
 title={Local projective model structures on simplicial presheaves},
 volume={24},
 DOI={10.1023/a:1013302313123},
 number={3},
 journal={K-Theory},
 author={Blander, Benjamin A.},
 year={2001},
 month= nov, 
 pages={283--301}
} 

@article{MayTri,
 title = {The Additivity of Traces in Triangulated Categories},
 journal = {Advances in Mathematics},
 volume = {163},
 number = {1},
 pages = {34-73},
 year = {2001},
 issn = {0001-8708},
 doi = {https://doi.org/10.1006/aima.2001.1995},
 url = {https://www.sciencedirect.com/science/article/pii/S0001870801919954},
 author = {J.P. May},
 abstract = {We explain a fundamental additivity theorem for Euler characteristics and generalized trace maps in triangulated categories. The proof depends on a refined axiomatization of symmetric monoidal categories with a compatible triangulation. The refinement consists of several new axioms relating products and distinguished triangles. The axioms hold in the examples and shed light on generalized homology and cohomology theories.}
}

@Article{Morel1999,
 author={Morel, Fabien
 and Voevodsky, Vladimir},
 title={A1-homotopy theory of schemes},
 journal={Publications Math{\'e}matiques de l'Institut des Hautes {\'E}tudes Scientifiques},
 year={1999},
 month=dec,
 day={01},
 volume={90},
 number={1},
 pages={45-143},
 issn={1618-1913},
 doi={10.1007/BF02698831},
 url={https://doi.org/10.1007/BF02698831}
}

@article{Dugger_2014,
	doi = {10.2140/agt.2014.14.1055},
 
	url = {https://doi.org/10.2140%2Fagt.2014.14.1055},
 
	year = 2014,
	month=mar,
 
	publisher = {Mathematical Sciences Publishers},
 
	volume = {14},
 
	number = {2},
 
	pages = {1055--1106},
 
	author = {Daniel Dugger},
 
	title = {Coherence for invertible objects and multigraded homotopy rings},
 
	journal = {Algebraic \& Geometric Topology}
}

@misc{VoevodskySteenrod,
 title={Reduced power operations in motivic cohomology}, 
 author={Vladimir Voevodsky},
 year={2001},
 eprint={math/0107109},
 archivePrefix={arXiv},
 primaryClass={math.AG}
}

@article{Levine_2013,
	doi = {10.1112/jtopol/jtt031},
 
	url = {https://doi.org/10.1112%2Fjtopol%2Fjtt031},
 
	year = 2013,
	month=aug,
 
	publisher = {Wiley},
 
	volume = {7},
 
	number = {2},
 
	pages = {327--362},
 
	author = {Marc Levine},
 
	title = {A comparison of motivic and classical stable homotopy theories},
 
	journal = {Journal of Topology}
}

@misc{PanPimRon,
 title={On Voevodsky's algebraic K-theory spectrum BGL}, 
 author={I. Panin and K. Pimenov and O. Röndigs},
 year={2008},
 eprint={0709.3905},
 archivePrefix={arXiv},
 primaryClass={math.AG}
}

@Article{MLCoherence,
 author={MacLane, Saunders},
 title={Natural Associativity and Commutativity},
 journal={Rice Institute Pamphlet - Rice University Studies},
 year={1963},
 vol={49},
 number={4},
 url={https://hdl.handle.net/1911/62865}
}

@Article{Adams1958,
 author={Adams, J. F.},
 title={On the structure and applications of the steenrod algebra},
 journal={Commentarii Mathematici Helvetici},
 year={1958},
 month=dec,
 day={01},
 volume={32},
 number={1},
 pages={180-214},
 issn={1420-8946},
 doi={10.1007/BF02564578},
 url={https://doi.org/10.1007/BF02564578}
}

@misc{nlab:adjoint_equivalence,
 author = {{nLab authors}},
 title = {adjoint equivalence},
 howpublished = {\url{https://ncatlab.org/nlab/show/adjoint+equivalence}},
 note = {\href{https://ncatlab.org/nlab/revision/adjoint+equivalence/17}{Revision 17}},
 month = jul,
 year = 2023
}

@misc{naumann2009motivic,
 title={Motivic Landweber Exactness}, 
 author={Niko Naumann and Paul Arne Østvær and Markus Spitzweck},
 year={2009},
 eprint={0806.0274},
 archivePrefix={arXiv},
 primaryClass={math.AG}
}

@article{Boardman_1999,
 title={Conditionally convergent spectral sequences}, 
 volume={239}, 
 DOI={10.1090/conm/239/03597}, 
 journal={Homotopy Invariant Algebraic Structures}, 
 author={Boardman, J. Michael}, 
 year={1999}, 
 pages={49-84}
}

@book{Neeman_2001, 
 place={Princeton, NJ}, 
 title={Triangulated Categories}, 
 volume={148}, 
 publisher={Princeton Univ. Press}, 
 author={Neeman, Amnon}, 
 year={2001}
} 

@InProceedings{10.1007/BFb0081960,
 author="Adams, J. F.",
 editor="Hilton, Peter J.",
 title="Lectures on generalised cohomology",
 booktitle="Category Theory, Homology Theory and Their Applications III",
 year="1969",
 publisher="Springer Berlin Heidelberg",
 address="Berlin, Heidelberg",
 pages="1--138",
 isbn="978-3-540-36140-4"
}

@misc{BohmHopf,
 title={Hopf Algebroids}, 
 author={Gabriella Böhm},
 year={2008},
 eprint={0805.3806},
 archivePrefix={arXiv},
 primaryClass={math.QA}
}

@misc{nlab:derived_functor_in_homological_algebra,
 author = {{nLab authors}},
 title = {derived functor in homological algebra},
 howpublished = {\url{https://ncatlab.org/nlab/show/derived+functor+in+homological+algebra}},
 note = {\href{https://ncatlab.org/nlab/revision/derived+functor+in+homological+algebra/26}{Revision 26}},
 month = sep,
 year = 2023
}

@article{Bousfield_79,
 title = {The localization of spectra with respect to homology},
 journal = {Topology},
 volume = {18},
 number = {4},
 pages = {257-281},
 year = {1979},
 issn = {0040-9383},
 doi = {https://doi.org/10.1016/0040-9383(79)90018-1},
 url = {https://www.sciencedirect.com/science/article/pii/0040938379900181},
 author = {A.K. Bousfield}
}

@book{Hilton_69, 
 title={Category Theory, Homology Theory, and Their Applications III}, 
 publisher={Springer}, 
 author={P.J. Hilton},
 year= 1969,
 series = {Lecture Notes in Mathematics},
 edition = 1,
 volume = 3
} 

@InProceedings{Adams_69,
author="Adams, J. F.",
editor="Hilton, Peter J.",
title="Lectures on generalised cohomology",
booktitle="Category Theory, Homology Theory and Their Applications III",
year="1969",
publisher="Springer Berlin Heidelberg",
address="Berlin, Heidelberg",
pages="1--138",
isbn="978-3-540-36140-4"
}

@book{Rognes_SSeq,
 title={Spectral Sequences},
 url={https://www.uio.no/studier/emner/matnat/math/MAT9580/v21/dokumenter/spseq.pdf},
 journal={University of Oslo MAT9580 Spring 2021},
 author={Rognes, John}
} 

@book{RGB, place={Providence, RI}, title={Complex cobordism and stable homotopy groups of spheres}, publisher={American Mathematical Society}, author={Ravenel, D. C.}, year={2004}} 

@misc{nlab:tensor_triangulated_category,
  author = {{nLab authors}},
  title = {tensor triangulated category},
  howpublished = {\url{https://ncatlab.org/nlab/show/tensor+triangulated+category}},
  note = {\href{https://ncatlab.org/nlab/revision/tensor+triangulated+category/13}{Revision 13}},
  month = oct,
  year = 2023
}

@misc{BalmerTri,
      title={A guide to tensor-triangular classification}, 
      author={Paul Balmer},
      year={2019},
      eprint={1912.08963},
      archivePrefix={arXiv},
      primaryClass={math.AT}
}

@inproceedings{balmer2010tensor,
  title={Tensor triangular geometry},
  author={Balmer, Paul},
  booktitle={Proceedings of the International Congress of Mathematicians},
  volume={2},
  pages={85--112},
  year={2010}
}

@book{mandell2002equivariant,
  title={Equivariant orthogonal spectra and S-modules},
  author={Mandell, Michael A and May, J Peter},
  year={2002},
  publisher={American Mathematical Soc.}
}

@misc{isaksen2023stable,
      title={Stable homotopy groups of spheres: From dimension 0 to 90}, 
      author={Daniel C. Isaksen and Guozhen Wang and Zhouli Xu},
      year={2023},
      eprint={2001.04511},
      archivePrefix={arXiv},
      primaryClass={math.AT}
}

@inproceedings{voevodsky1998a1,
  title={A1-homotopy theory},
  author={Voevodsky, Vladimir},
  booktitle={Proceedings of the international congress of mathematicians},
  volume={1},
  pages={579--604},
  year={1998},
  organization={Berlin}
}

@misc{nlab:introduction_to_stable_homotopy_theory_--_1-1,
  author = {{nLab authors}},
  title = {{{I}}ntroduction to {{S}}table homotopy theory -- 1-1},
  howpublished = {\url{https://ncatlab.org/nlab/show/Introduction+to+Stable+homotopy+theory+--+1-1}},
  note = {\href{https://ncatlab.org/nlab/revision/Introduction+to+Stable+homotopy+theory+--+1-1/42}{Revision 42}},
  month = oct,
  year = 2023
}